<record><leader>00000cas a22000007a 4500</leader><controlfield tag="001">12067902</controlfield><controlfield tag="008">850522d189u1898aluwr ne      0    0eng d</controlfield><datafield ind1=" " ind2=" " tag="010"><subfield code="a">sn 85044578 </subfield></datafield><datafield ind1=" " ind2=" " tag="040"><subfield code="a">CPN</subfield><subfield code="b">eng</subfield><subfield code="c">CPN</subfield><subfield code="d">OCLCQ</subfield></datafield><datafield ind1=" " ind2=" " tag="042"><subfield code="a">msc</subfield></datafield><datafield ind1="0" ind2=" " tag="130"><subfield code="a">County press (Centreville, Ala.)</subfield></datafield><datafield ind1="1" ind2="4" tag="245"><subfield code="a">The County press.</subfield></datafield><datafield ind1=" " ind2=" " tag="260"><subfield code="a">Centreville, Ala. :</subfield><subfield code="b">Suttle &amp; Waller</subfield></datafield><datafield ind1=" " ind2=" " tag="300"><subfield code="a">v. :</subfield><subfield code="b">ill. ;</subfield><subfield code="c">55 cm.</subfield></datafield><datafield ind1=" " ind2=" " tag="310"><subfield code="a">Weekly</subfield></datafield><datafield ind1="0" ind2=" " tag="362"><subfield code="a">-v. 3, no. 52 (Apr. 28, 1898).</subfield></datafield><datafield ind1=" " ind2=" " tag="515"><subfield code="a">Numbering is irregular.</subfield></datafield><datafield ind1=" " ind2=" " tag="588"><subfield code="a">Description based on: Vol. 1, no. 47 (Jan. 9, 1896).</subfield></datafield><datafield ind1=" " ind2=" " tag="752"><subfield code="a">United States</subfield><subfield code="b">Alabama</subfield><subfield code="c">Bibb</subfield><subfield code="d">Centreville.</subfield></datafield><datafield ind1="0" ind2="0" tag="785"><subfield code="t">Centreville press</subfield><subfield code="w">(DLC)sn 85044579</subfield></datafield><datafield ind1="1" ind2=" " tag="029"><subfield code="a">AU@</subfield><subfield code="b">000025827652</subfield></datafield></record>